<record><leader>00000cas a2200000 a 4500</leader><controlfield tag="001">10155250</controlfield><controlfield tag="008">831122c18799999mnucr ne      0   a0eng  </controlfield><controlfield tag="009">466</controlfield><datafield ind1=" " ind2=" " tag="010"><subfield code="a">sn 83016829 </subfield></datafield><datafield ind1=" " ind2=" " tag="040"><subfield code="a">DLC</subfield><subfield code="b">eng</subfield><subfield code="c">DLC</subfield><subfield code="d">NPX</subfield><subfield code="d">DLC</subfield><subfield code="d">MN#</subfield><subfield code="d">NSD</subfield><subfield code="d">OCL</subfield><subfield code="d">MN#</subfield><subfield code="d">NVF</subfield><subfield code="d">OCLCQ</subfield><subfield code="d">OCLCO</subfield><subfield code="d">OCLCF</subfield></datafield><datafield ind1=" " ind2=" " tag="012"><subfield code="m">1</subfield></datafield><datafield ind1=" " ind2=" " tag="019"><subfield code="a">1760683</subfield></datafield><datafield ind1="1" ind2=" " tag="022"><subfield code="a">1053-542X</subfield><subfield code="l">1053-542X</subfield><subfield code="2">1</subfield></datafield><datafield ind1="1" ind2=" " tag="029"><subfield code="a">AU@</subfield><subfield code="b">000020374964</subfield></datafield><datafield ind1=" " ind2=" " tag="032"><subfield code="a">396420</subfield><subfield code="b">USPS</subfield></datafield><datafield ind1=" " ind2=" " tag="037"><subfield code="b">Northfield News, Co., PO Box 58, Northfield, MN 55057</subfield></datafield><datafield ind1=" " ind2=" " tag="042"><subfield code="a">pcc</subfield><subfield code="a">nsdp</subfield></datafield><datafield ind1=" " ind2=" " tag="043"><subfield code="a">n-us-mn</subfield></datafield><datafield ind1="0" ind2="0" tag="050"><subfield code="a">Newspaper 7002</subfield></datafield><datafield ind1=" " ind2=" " tag="052"><subfield code="a">4144</subfield><subfield code="b">N8</subfield></datafield><datafield ind1=" " ind2=" " tag="052"><subfield code="a">4143</subfield><subfield code="b">R6</subfield></datafield><datafield ind1="0" ind2=" " tag="130"><subfield code="a">Northfield news (Northfield, Minn.)</subfield></datafield><datafield ind1=" " ind2="0" tag="222"><subfield code="a">Northfield news</subfield></datafield><datafield ind1="0" ind2="4" tag="245"><subfield code="a">The Northfield news.</subfield></datafield><datafield ind1=" " ind2=" " tag="260"><subfield code="a">Northfield, Minn. :</subfield><subfield code="b">H.E. Lawrence,</subfield><subfield code="c">1879-</subfield></datafield><datafield ind1=" " ind2=" " tag="300"><subfield code="a">v.</subfield></datafield><datafield ind1=" " ind2=" " tag="310"><subfield code="a">Semiweekly,</subfield><subfield code="b">&lt;Aug. 1, 1990-&gt;</subfield></datafield><datafield ind1=" " ind2=" " tag="321"><subfield code="a">Weekly,</subfield><subfield code="b">1879-July 26, 1990</subfield></datafield><datafield ind1="0" ind2=" " tag="362"><subfield code="a">Vol. 4, no. 1 (Nov. 15, 1879)-</subfield></datafield><datafield ind1=" " ind2="0" tag="651"><subfield code="a">Northfield (Minn.)</subfield><subfield code="v">Newspapers.</subfield></datafield><datafield ind1=" " ind2="7" tag="655"><subfield code="a">Newspapers.</subfield><subfield code="2">fast</subfield><subfield code="0">(OCoLC)fst01423814</subfield></datafield><datafield ind1=" " ind2="7" tag="651"><subfield code="a">Minnesota</subfield><subfield code="z">Northfield.</subfield><subfield code="2">fast</subfield><subfield code="0">(OCoLC)fst01202777</subfield></datafield><datafield ind1=" " ind2=" " tag="752"><subfield code="a">United States</subfield><subfield code="b">Minnesota</subfield><subfield code="c">Rice</subfield><subfield code="d">Northfield.</subfield></datafield><datafield ind1="0" ind2="0" tag="780"><subfield code="t">Dundas news</subfield><subfield code="w">(DLC)sn 90060468</subfield></datafield><datafield ind1="0" ind2="5" tag="780"><subfield code="t">Northfield independent</subfield><subfield code="g">1962</subfield><subfield code="w">(DLC)sn 83016842</subfield></datafield><datafield ind1="0" ind2="5" tag="780"><subfield code="t">Rice County journal</subfield><subfield code="g">1884</subfield><subfield code="w">(DLC)sn 85025558</subfield></datafield><datafield ind1=" " ind2=" " tag="936"><subfield code="a">114th year, no. 48 (Friday, Sept. 28, 1990) LIC</subfield></datafield></record>